@misc{explicit_addition,
    author = {Ben Lynn},
    title = {{Explicit Addition Formulae}},
    year = {1999},
    howpublished = {\url{https://crypto.stanford.edu/pbc/notes/elliptic/explicit.html}}
}

@misc{elgamal_stackoverflow,
	author = {tylo},
	title = {{ElGamal with elliptic curves}},
	year = {2013},
	howpublished = {\url{http://crypto.stackexchange.com/questions/9987/elgamal-with-elliptic-curves}}
}

@misc{elgamal_real,
	author = {Neal Koblitz},
	title = {{Elliptic Curve Cryptosystems}},
	year = {1987},
	howpublished = {\url{http://www.ams.org/journals/mcom/1987-48-177/S0025-5718-1987-0866109-5/S0025-5718-1987-0866109-5.pdf}}
}

@misc{dh_nist,
	author = {NSA},
	title = {{Suite B Implementer’s Guide to NIST SP 800-56A}},
	year = {2009},
	howpublished = {\url{https://www.nsa.gov/ia/_files/SuiteB_Implementer_G-113808.pdf}}
}

@misc{dh_sec1,
	author = {Certicom Research, Daniel R. L. Brown},
	title = {{Standards for Efficient Cryptography; SEC 1: Elliptic Curve Cryptography}},
	year = {2009},
	howpublished = {\url{http://www.secg.org/sec1-v2.pdf}}
}

@misc{rsa_vs_ecc,
	author = {Uwe Krieger},
	title = {{Elliptische Kurven – Basis für ein alternatives Public Key Kryptosystem}},
	year = {---},
	howpublished = {\url{http://www.ecc-brainpool.org/art_it.pdf}}
}

@book{ecc_stuff,
	author = {Rene Algesheimer},
	title = {{Elliptische Kurven als alternatives Public Key-Verfahren im Homebanking-Standard HBCI}},
	publisher = {\url{www.diplom.de}},
	year = {2000},
	isbn = {9783832425548}
}

@misc{ecc_complexity,
	author = {Uwe Krieger},
	title = {{Elliptische Kurven – Basis für ein alternatives Public Key Kryptosystem}},
	year = {O.J.},
	howpublished = {\url{http://www.secg.org/sec1-v2.pdf}}
}

@techreport{ecc_attack1,
	author = {A. J. Menezes, T. Okamoto and S. A. Vanstone},
	title = {{Reducing elliptic curve logarithms to logarithms in a finite field}},
	institution = {EEE Transactions on Information Theory, 39:1639–1646},
	year = {1993}
}

@techreport{ecc_attack2,
author = {I. A. Semaev},
title = {{Evaluation of discrete logarithms in a group of p-torsion points of an elliptic curve in characteristic p}},
institution = {Mathematics of Computation, 67:353–356},
year = {1998}
}

@techreport{ecc_attack2b,
	author = {T. Satoh and K. Araki},
	title = {{Fermat quotients and the polynomial time discrete log algorithm for anomalous elliptic curves}},
	institution = {Commentarii Mathematici Universitatis Sancti	Pauli, 47:81–92},
	year = {1998}
}

@misc{ecc_attack3,
	author = {Nigel Smart},
	title = {{Weil Descent Program}},
	year = {O.J.},
	howpublished = {\url{http://www.cs.bris.ac.uk/~nigel/weil_descent.html}}
}

@misc{security_bits,
	author = {Elaine Barker, William Barker, William Burr, William Polk, and Miles Smid},
	title = {{COMPUTER SECURITY -Recommendation for Key Management – Part 1: General}},
	year = {2012},
	howpublished = {\url{http://csrc.nist.gov/publications/nistpubs/800-57/sp800-57_part1_rev3_general.pdf}}
}
